
@misc{FigmaCollaborativeInterface,
  title = {Figma: The Collaborative Interface Design Tool.},
  file = {/Users/albin/Zotero/storage/TSMBP672/www.figma.com.html},
  howpublished = {https://www.figma.com/}
}

@book{normanDesignEverydayThings2013,
  title = {The Design of Everyday Things: {{Revised}} and Expanded Edition},
  author = {Norman, Don},
  year = {2013},
  publisher = {{Basic books}}
}


